@article{gorman1988analysis,
  title={Analysis of hidden units in a layered network trained to classify sonar targets},
  author={Gorman, R Paul and Sejnowski, Terrence J},
  journal={Neural networks},
  volume={1},
  number={1},
  pages={75--89},
  year={1988},
  publisher={Elsevier}
}


@book{nolan2001stat,
  title={Stat labs: mathematical statistics through applications},
  author={Nolan, Deborah and Speed, Terry P},
  year={2001},
  publisher={Springer Science \& Business Media}
}


@book{dunn2018generalized,
  title={Generalized linear models with examples in R},
  author={Dunn, Peter K and Smyth, Gordon K and others},
  volume={53},
  year={2018},
  publisher={Springer}
}